@online{parsio_pdf_extraction,
    author = "from Parsio, Sofia",
    title = "5 Effective Techniques for Extracting Information from PDF Documents",
    year = "2024",
    url = "https://parsio.io/blog/5-effective-techniques-for-extracting-information-from-pdf-documents/",
    urldate = "2024-10-03",
    organization = "Parsio",
    type = "Blog post",
    language = "eng"
}

@inproceedings{YangYiming1999Arot,
    author = "Yang, Yiming and Liu, Xin",
    address = "New York, NY, USA",
    copyright = "1999 ACM",
    doi = "10.1145/312624.312647",
    isbn = "1581130961",
    language = "eng",
    pages = "42--49",
    publisher = "ACM",
    title = "A re-examination of text categorization methods",
    year = "1999",
    booktitle = "SIGIR99: 22nd Annual International ACM SIGIR Conference on Research and Development in Information Retrieval"
}

@article{SubramaniNishant2021ASoD,
    author = "Subramani, Nishant and Matton, Alexandre and Greaves, Malcolm and Lam, Adrian",
    issn = "2331-8422",
    journal = "arXiv.org",
    publisher = "arXiv.org",
    year = "2021",
    title = "A Survey of Deep Learning Approaches for OCR and Document Understanding",
    copyright = "2021. This work is published under http://creativecommons.org/licenses/by/4.0/ (the “License”). Notwithstanding the ProQuest Terms and Conditions, you may use this content in accordance with the terms of the License.",
    language = "eng",
    address = "Ithaca",
    keywords = "Computer vision ; Natural Language Processing",
    doi = "10.48550/arxiv.2011.13534"
}

@article{BorovikovEugene2014Asom,
    author = "Borovikov, Eugene",
    copyright = "http://creativecommons.org/licenses/publicdomain",
    doi = "10.48550/arxiv.1412.4183",
    language = "eng",
    publisher = "Cornell University",
    title = "A survey of modern optical character recognition techniques",
    year = "2014"
}

@article{nadeau2007survey,
    author = "Nadeau, David and Sekine, Satoshi",
    doi = "10.1075/li.30.1.03nad",
    issn = "0378-4169",
    journal = "Lingvisticae Investigationes",
    number = "1",
    pages = "3--26",
    publisher = "John Benjamins",
    title = "A survey of named entity recognition and classification",
    volume = "30",
    year = "2007",
    language = "en"
}

@article{PanSinnoJialin2010ASoT,
    author = "Pan, Sinno Jialin and Yang, Qiang",
    issn = "1041-4347",
    journal = "IEEE transactions on knowledge and data engineering",
    pages = "1345--1359",
    volume = "22",
    publisher = "IEEE",
    number = "10",
    year = "2010",
    title = "A Survey on Transfer Learning",
    copyright = "Copyright 2010 Elsevier B.V., All rights reserved.",
    language = "eng",
    address = "New York, NY",
    keywords = "Adaptation ; Algorithms ; Artificial intelligence ; Classification ; Data mining ; Instructional systems ; Labeling ; Learning ; Machine learning ; Software ; Testing ; Training",
    doi = "10.1109/TKDE.2009.191"
}

@inproceedings{YeYibin2018Auso,
    author = "Ye, Yibin and Zhu, Shenggao and Wang, Jing and Du, Qi and Yang, Yezhang and Tu, Dandan and Wang, Lanjun and Luo, Jiebo",
    pages = "2373--2382",
    publisher = "IEEE",
    booktitle = "2018 IEEE International Conference on Big Data (Big Data)",
    isbn = "9781538650356",
    month = "Dec",
    year = "2018",
    title = "A unified scheme of text localization and structured data extraction for joint OCR and data mining",
    language = "eng",
    keywords = "Data mining ; Optical character recognition devices",
    doi = "10.1109/BigData.2018.8622129"
}

@article{LanZhenzhong2019AALB,
    author = "Lan, Zhenzhong and Chen, Mingda and Goodman, Sebastian and Gimpel, Kevin and Sharma, Piyush and Soricut, Radu",
    year = "2019",
    title = "ALBERT: A Lite BERT for Self-supervised Learning of Language Representations",
    copyright = "http://arxiv.org/licenses/nonexclusive-distrib/1.0",
    language = "eng",
    doi = "10.48550/arxiv.1909.11942"
}

@book{RebalaGopinath2019AItM,
    author = "Rebala, Gopinath and Ravi, Ajay and Churiwala, Sanjay",
    isbn = "3-030-15729-6",
    year = "2019",
    title = "An Introduction to Machine Learning",
    edition = "1st ed. 2019..",
    language = "eng",
    keywords = "Electronic circuits",
    publisher = "Springer Cham",
    doi = "10.1007/978-3-030-15729-6"
}

@inproceedings{SmithR_2007_AOot,
    author = "Smith, Ray",
    title = "An Overview of the Tesseract OCR Engine",
    booktitle = "Ninth International Conference on Document Analysis and Recognition (ICDAR 2007)",
    year = "2007",
    volume = "2",
    pages = "629--633",
    publisher = "IEEE",
    isbn = "0-7695-2822-8",
    issn = "1520-5363",
    language = "eng",
    keywords = "Independent component analysis, Inspection, Open source software, Pipelines, Search engines, Testing",
    doi = "10.1109/ICDAR.2007.4376991"
}

@article{MarinaiS.2005Annf,
    author = "Marinai, Simone and Gori, Marco and Soda, Giovanni",
    issn = "0162-8828",
    journal = "IEEE transactions on pattern analysis and machine intelligence",
    pages = "23--35",
    volume = "27",
    publisher = "IEEE",
    number = "1",
    year = "2005",
    title = "Artificial neural networks for document analysis and recognition",
    copyright = "Copyright 2008 Elsevier B.V., All rights reserved.",
    language = "eng",
    address = "Los Alamitos, CA",
    keywords = "Algorithms ; Artificial intelligence ; Computer graphics ; Documentation ; Image analysis ; Image segmentation ; Neural networks (Computer science) ; Numerical Analysis Computer-Assisted ; Reading ; Reproducibility of Results ; Sensitivity and Specificity ; Word recognition",
    doi = "10.1109/TPAMI.2005.4"
}

@article{VaswaniAshish2023AIAY,
    author = "Vaswani, Ashish and Shazeer, Noam and Parmar, Niki and Uszkoreit, Jakob and Jones, Llion and Gomez, Aidan N and Kaiser, Lukasz and Polosukhin, Illia",
    issn = "2331-8422",
    year = "2017",
    title = "Attention Is All You Need",
    copyright = "2023. This work is published under http://arxiv.org/licenses/nonexclusive-distrib/1.0/ (the “License”). Notwithstanding the ProQuest Terms and Conditions, you may use this content in accordance with the terms of the License.",
    language = "eng",
    keywords = "Configuration management ; Neural networks (Computer science) ; Training ; Translations",
    doi = "10.48550/arxiv.1706.03762"
}

@incollection{KurhekarPushkarATaT,
    author = "Kurhekar, Pushkar and Nigam, Shivani and Pillai, Shriram",
    series = "Lecture Notes on Data Engineering and Communications Technologies",
    issn = "2367-4512",
    pages = "169--182",
    publisher = "Springer Singapore",
    booktitle = "Data Management, Analytics and Innovation",
    isbn = "9789811629334",
    title = "Automated Text and Tabular Data Extraction from Scanned Document Images",
    copyright = "The Author(s), under exclusive license to Springer Nature Singapore Pte Ltd. 2021",
    language = "eng",
    address = "Singapore",
    keywords = "Automation ; Image processing ; Optical character recognition",
    doi = "10.1007/978-981-16-2934-1\_11"
}

@article{dalal2011automatic,
    author = "Dalal, Mita K and Zaveri, Mukesh A",
    title = "Automatic text classification: a technical review",
    journal = "International journal of computer applications",
    volume = "28",
    number = "2",
    pages = "37--40",
    year = "2011",
    month = "aug",
    publisher = "Citeseer",
    doi = "10.5120/3358-4633"
}

@online{finway_automatische_rechnungserfassung,
    author = "{Finway}",
    title = "Automatische Rechnungserfassung via OCR",
    year = "2024",
    url = "https://finway.de/produkt/automatische-rechnungserfassung/",
    urldate = "2024-10-04",
    organization = "finway GmbH",
    type = "Website",
    language = "eng"
}

@online{microsoft_azureai_documentintelligence,
    author = "{Microsoft}",
    title = "Azure AI Document Intelligence",
    year = "2024",
    url = "https://azure.microsoft.com/en-us/products/ai-services/ai-document-intelligence",
    urldate = "2024-10-05",
    organization = "Microsoft",
    type = "Website",
    language = "eng"
}

@article{DevlinJacob2019BPoD,
    author = "Devlin, Jacob and Ming-Wei, Chang and Lee, Kenton and Toutanova, Kristina",
    issn = "2331-8422",
    year = "2019",
    title = "BERT: Pre-training of Deep Bidirectional Transformers for Language Understanding",
    copyright = "2019. This work is published under http://arxiv.org/licenses/nonexclusive-distrib/1.0/ (the “License”). Notwithstanding the ProQuest Terms and Conditions, you may use this content in accordance with the terms of the License.",
    language = "eng",
    address = "Ithaca",
    keywords = "Language ; Natural Language Processing",
    doi = "10.48550/arxiv.1810.04805"
}

@article{LiJunnan2023BBLP,
    author = "Li, Junnan and Li, Dongxu and Savarese, Silvio and Hoi, Steven",
    issn = "2331-8422",
    year = "2023",
    title = "BLIP-2: Bootstrapping Language-Image Pre-training with Frozen Image Encoders and Large Language Models",
    copyright = "2023. This work is published under http://creativecommons.org/licenses/by/4.0/ (the “License”). Notwithstanding the ProQuest Terms and Conditions, you may use this content in accordance with the terms of the License.",
    language = "eng",
    keywords = "Learning ; Mathematical models ; Training",
    doi = "10.48550/arxiv.2301.12597"
}

@online{openai_chatgpt,
    author = "{OpenAI}",
    title = "ChatGPT Website",
    year = "2024",
    url = "https://openai.com/chatgpt/",
    urldate = "2024-10-04",
    organization = "OpenAI",
    type = "Website",
    language = "eng"
}

@online{anthropic_claude,
    author = "{Anthropic PBC}",
    title = "Claude 3.5 Sonnet",
    year = "2024",
    url = "https://www.anthropic.com/news/claude-3-5-sonnet",
    urldate = "2024-10-04",
    organization = "Anthropic PBC",
    type = "Blog post",
    language = "eng"
}

@inproceedings{park2019cord,
    author = "Park, Seunghyun and Shin, Seung and Lee, Bado and Lee, Junyeop and Surh, Jaeheung and Seo, Minjoon and Lee, Hwalsuk",
    title = "CORD: a consolidated receipt dataset for post-OCR parsing",
    booktitle = "Document Intelligence Workshop at Neural Information Processing Systems 2019",
    year = "2019",
    url = "https://openreview.net/forum?id=SJl3z659UH"
}

@article{ZouAnni2024DABf,
    author = "Zou, Anni and Yu, Wenhao and Zhang, Hongming and Ma, Kaixin and Cai, Deng and Zhang, Zhuosheng and Zhao, Hai and Yu, Dong",
    issn = "2331-8422",
    journal = "arXiv.org",
    publisher = "arXiv.org",
    year = "2024",
    title = "DOCBENCH: A Benchmark for Evaluating LLM-based Document Reading Systems",
    copyright = "2024. This work is published under http://creativecommons.org/licenses/by/4.0/ (the “License”). Notwithstanding the ProQuest Terms and Conditions, you may use this content in accordance with the terms of the License.",
    language = "eng",
    address = "Ithaca",
    keywords = "Archives ; Bench-marks ; Deeds ; Diplomatics ; Reading comprehension ; System analysis",
    doi = "10.48550/arxiv.2407.10701"
}

@article{WangDongsheng2023DAlg,
    author = "Wang, Dongsheng and Raman, Natraj and Sibue, Mathieu and Ma, Zhiqiang and Babkin, Petr and Kaur, Simerjot and Pei, Yulong and Nourbakhsh, Armineh and Liu, Xiaomo",
    issn = "2331-8422",
    year = "2023",
    title = "DocLLM: A layout-aware generative language model for multimodal document understanding",
    copyright = "2023. This work is published under http://creativecommons.org/licenses/by/4.0/ (the “License”). Notwithstanding the ProQuest Terms and Conditions, you may use this content in accordance with the terms of the License.",
    language = "eng",
    keywords = "Archives ; Deeds ; Diplomatics ; Semantics",
    doi = "10.48550/arxiv.2401.00908"
}

@online{google_documentAiCustomClassifier,
    author = "{Google}",
    title = "Document AI introduces powerful new Custom Document Classifier to automate document processing",
    year = "2023",
    url = "https://cloud.google.com/blog/products/ai-machine-learning/document-ai-workbench-adds-custom-document-classifier?hl=en",
    urldate = "2024-10-05",
    organization = "Google",
    type = "blog post",
    language = "eng"
}

@online{google_documentAI,
    author = "{Google}",
    title = "Document AI overview",
    year = "2024",
    url = "https://cloud.google.com/document-ai/docs/overview",
    urldate = "2024-10-04",
    organization = "Google",
    type = "Documentation",
    language = "eng"
}

@inproceedings{HarleyAdamW2015EoDC,
    author = "Harley, Adam W and Ufkes, Alex and Derpanis, Konstantinos G",
    copyright = "2015. This work is published under http://arxiv.org/licenses/nonexclusive-distrib/1.0/ (the “License”). Notwithstanding the ProQuest Terms and Conditions, you may use this content in accordance with the terms of the License.",
    doi = "10.1109/ICDAR.2015.7333910",
    isbn = "1479918059",
    issn = "2331-8422",
    keywords = "Image compression ; Neural networks (Computer science) ; Training",
    language = "eng",
    publisher = "IEEE",
    title = "Evaluation of Deep Convolutional Nets for Document Image Classification and Retrieval",
    year = "2015",
    month = "aug",
    booktitle = "2015 13th International Conference on Document Analysis and Recognition ({ICDAR})"
}

@article{PowersDavidM.W2020Efpr,
    author = "Powers, David M. W",
    year = "2020",
    title = "Evaluation: from precision, recall and F-measure to ROC, informedness, markedness and correlation",
    copyright = "http://arxiv.org/licenses/nonexclusive-distrib/1.0",
    language = "eng",
    doi = "10.48550/arxiv.2010.16061"
}

@online{box_ai,
    author = "(Box), Rui Barbosa",
    title = "Extracting structured data using Box AI",
    year = "2024",
    url = "https://medium.com/box-developer-blog/extracting-structured-data-using-box-ai-01408437352d",
    urldate = "2024-10-04",
    organization = "Box.com (UK) Ltd.",
    type = "Blog post",
    language = "eng"
}

@incollection{WeckeBernhard2024GdGK,
    author = "Wecke, Bernhard",
    series = "essentials",
    issn = "2197-6708",
    pages = "5--12",
    publisher = "Springer Vieweg. in Springer Fachmedien Wiesbaden GmbH",
    booktitle = "Wachstum Durch Den Einsatz Von Generativer KI",
    isbn = "9783658440404",
    year = "2024",
    title = "Grundlagen der Generativen KI",
    copyright = "Der/die Autor(en), exklusiv lizenziert an Springer Fachmedien Wiesbaden GmbH, ein Teil von Springer Nature 2024",
    language = "ger",
    address = "Germany",
    doi = "10.1007/978-3-658-44041-1\_2"
}

@inproceedings{MoriS.1992HroO,
    author = "Mori, S. and Suen, C.Y. and Yamamoto, K.",
    issn = "0018-9219",
    journal = "Proceedings of the IEEE",
    pages = "1029--1058",
    volume = "80",
    publisher = "IEEE",
    number = "7",
    year = "1992",
    title = "Historical review of OCR research and development",
    language = "eng",
    keywords = "History ; Optical data processing",
    doi = "10.1109/5.156468"
}

@article{JiangZhengbao2020HCWK,
    author = "Jiang, Zhengbao and Xu, Frank F. and Araki, Jun and Neubig, Graham",
    issn = "2307-387X",
    journal = "Transactions of the Association for Computational Linguistics",
    pages = "423--438",
    volume = "8",
    publisher = "MIT Press",
    year = "2020",
    title = "How Can We Know What Language Models Know?",
    copyright = "2020. This work is published under https://creativecommons.org/licenses/by/4.0/legalcode (the “License”). Notwithstanding the ProQuest Terms and Conditions, you may use this content in accordance with the terms of the License.",
    language = "eng",
    address = "One Rogers Street, Cambridge, MA 02142-1209, USA",
    keywords = "Computational linguistics ; Language ; Linguistics ; Questions and answers",
    doi = "10.1162/tacl\_a\_00324"
}

@online{bert_as_classifier_without_fine_tuning,
    author = "Bansal, Pradeep",
    title = "How do you use BERT as a classifier without fine-tuning?",
    year = "2023",
    url = "https://pradeepundefned.medium.com/how-do-you-use-bert-as-a-classifier-without-fine-tuning-e655557b5cef",
    urldate = "2024-10-07",
    type = "Blog post",
    language = "eng"
}

@article{radford2018improving,
    author = "Radford, Alec",
    title = "Improving language understanding by generative pre-training",
    year = "2018",
    url = "https://cdn.openai.com/research-covers/language-unsupervised/language\_understanding\_paper.pdf"
}

@online{microsoft_azureai_documentintelligence_containers,
    author = "{Microsoft}",
    title = "Install and run containers",
    year = "2024",
    url = "https://learn.microsoft.com/en-us/azure/ai-services/document-intelligence/containers/install-run?view=doc-intel-3.1.0\\&preserve-view=true\\&tabs=read",
    urldate = "2024-10-05",
    organization = "Microsoft",
    type = "Documentation",
    language = "eng"
}

@article{GarncarekŁukasz2021LLLM,
    author = "Garncarek, Łukasz and Powalski, Rafał and Stanisławek, Tomasz and Topolski, Bartosz and Halama, Piotr and Turski, Michał and Graliński, Filip",
    year = "2021",
    title = "LAMBERT: Layout-Aware (Language) Modeling for information extraction",
    copyright = "http://arxiv.org/licenses/nonexclusive-distrib/1.0",
    language = "eng",
    journal = "arXiv",
    publisher = "arXiv",
    doi = "10.48550/arxiv.2002.08087"
}

@article{BrownTomB2020LMaF,
    author = "Brown, Tom B and Mann, Benjamin and Ryder, Nick and Subbiah, Melanie and Kaplan, Jared and Dhariwal, Prafulla and Neelakantan, Arvind and Shyam, Pranav and Sastry, Girish and Askell, Amanda and Agarwal, Sandhini and Herbert-Voss, Ariel and Krueger, Gretchen and Henighan, Tom and Child, Rewon and Ramesh, Aditya and Ziegler, Daniel M and Wu, Jeffrey and Winter, Clemens and Hesse, Christopher and Chen, Mark and Sigler, Eric and Litwin, Mateusz and Gray, Scott and Chess, Benjamin and Clark, Jack and Berner, Christopher and McCandlish, Sam and Radford, Alec and Sutskever, Ilya and Amodei, Dario",
    issn = "2331-8422",
    year = "2020",
    title = "Language Models are Few-Shot Learners",
    copyright = "2020. This work is published under http://arxiv.org/licenses/nonexclusive-distrib/1.0/ (the “License”). Notwithstanding the ProQuest Terms and Conditions, you may use this content in accordance with the terms of the License.",
    language = "eng",
    address = "Ithaca",
    keywords = "Language ; Training",
    doi = "10.48550/arxiv.2005.14165"
}

@inproceedings{XuYiheng2020LPoT,
    author = "Xu, Yiheng and Li, Minghao and Cui, Lei and Huang, Shaohan and Wei, Furu and Zhou, Ming",
    pages = "1192--1200",
    publisher = "ACM",
    booktitle = "Proceedings of the 26th ACM SIGKDD International Conference on Knowledge Discovery \\\& Data Mining",
    isbn = "9781450379984",
    year = "2020",
    title = "LayoutLM: Pre-training of Text and Layout for Document Image Understanding",
    copyright = "2020 ACM",
    language = "eng",
    address = "New York, NY, USA",
    doi = "10.1145/3394486.3403172"
}

@inproceedings{HuangYupan2022LPfD,
    author = "Huang, Yupan and Lv, Tengchao and Cui, Lei and Lu, Yutong and Wei, Furu",
    pages = "4083--4091",
    publisher = "ACM",
    booktitle = "MM 2022 - Proceedings of the 30th ACM International Conference on Multimedia",
    isbn = "1450392032",
    year = "2022",
    title = "LayoutLMv3: Pre-training for Document AI with Unified Text and Image Masking",
    copyright = "2022 ACM",
    language = "eng",
    address = "New York, NY, USA",
    doi = "10.1145/3503161.3548112"
}

@article{YangXiao2017LtES,
    author = "Yang, Xiao and Yumer, Ersin and Asente, Paul and Kraley, Mike and Kifer, Daniel and Giles, C. Lee",
    year = "2017",
    title = "Learning to Extract Semantic Structure from Documents Using Multimodal Fully Convolutional Neural Network",
    copyright = "http://arxiv.org/licenses/nonexclusive-distrib/1.0",
    language = "eng",
    doi = "10.48550/arxiv.1706.02337"
}

@article{TouvronHugo2023LOaE,
    author = "Touvron, Hugo and Lavril, Thibaut and Izacard, Gautier and Martinet, Xavier and Lachaux, Marie-Anne and Lacroix, Timothée and Rozière, Baptiste and Goyal, Naman and Hambro, Eric and Azhar, Faisal and Rodriguez, Aurelien and Joulin, Armand and Grave, Edouard and Lample, Guillaume",
    year = "2023",
    title = "LLaMA: Open and Efficient Foundation Language Models",
    copyright = "http://creativecommons.org/licenses/by/4.0",
    language = "eng",
    doi = "10.48550/arxiv.2302.13971"
}

@article{PerotVincent2024LLMD,
    author = "Perot, Vincent and Kang, Kai and Luisier, Florian and Su, Guolong and Sun, Xiaoyu and Boppana, Ramya Sree and Wang, Zilong and Wang, Zifeng and Mu, Jiaqi and Zhang, Hao and Chen-Yu, Lee and Hua, Nan",
    issn = "2331-8422",
    year = "2024",
    title = "LMDX: Language Model-based Document Information Extraction and Localization",
    copyright = "2024. This work is published under http://creativecommons.org/licenses/by/4.0/ (the “License”). Notwithstanding the ProQuest Terms and Conditions, you may use this content in accordance with the terms of the License.",
    language = "eng",
    address = "Ithaca",
    keywords = "Archives ; Data processing ; Deeds ; Diplomatics ; Information retrieval ; Natural Language Processing",
    doi = "10.48550/arxiv.2302.13971"
}

@article{jordan2015machine,
    author = "Jordan, M. I. and Mitchell, T. M.",
    title = "Machine learning: Trends, perspectives, and prospects",
    journal = "Science",
    volume = "349",
    number = "6245",
    pages = "255-260",
    year = "2015",
    doi = "10.1126/science.aaa8415",
    URL = "https://www.science.org/doi/abs/10.1126/science.aaa8415",
    eprint = "https://www.science.org/doi/pdf/10.1126/science.aaa8415"
}

@online{multidata_help,
    author = "{Multidata}",
    title = "MD-Premium DOC",
    year = "2024",
    url = "https://help.multidata.at/content/538?lang=DT\\&version=5.2.046.0006",
    urldate = "2024-10-03",
    organization = "Multidata Software International Vertriebs GmbH",
    type = "Documentation",
    language = "ger"
}

@article{KimGeewook2022ODUT,
    author = "Kim, Geewook and Hong, Teakgyu and Yim, Moonbin and Nam, Jeongyeon and Park, Jinyoung and Yim, Jinyeong and Hwang, Wonseok and Yun, Sangdoo and Han, Dongyoon and Park, Seunghyun",
    issn = "2331-8422",
    year = "2022",
    title = "OCR-free Document Understanding Transformer",
    copyright = "2022. This work is published under http://arxiv.org/licenses/nonexclusive-distrib/1.0/ (the “License”). Notwithstanding the ProQuest Terms and Conditions, you may use this content in accordance with the terms of the License.",
    language = "eng",
    address = "Ithaca",
    keywords = "Data processing ; Machine learning ; Optical character recognition",
    doi = "10.48550/arxiv.2111.15664"
}

@inproceedings{RasjidZulfanyErlisa2017PCaO,
    author = "Rasjid, Zulfany Erlisa and Setiawan, Reina",
    issn = "1877-0509",
    pages = "107--112",
    volume = "116",
    publisher = "Elsevier B.V",
    booktitle = "Procedia Computer Science",
    isbn = "1510849912",
    year = "2017",
    title = "Performance Comparison and Optimization of Text Document Classification using k-NN and Naïve Bayes Classification Techniques",
    copyright = "2017",
    language = "eng",
    keywords = "Information retrieval",
    doi = "10.1016/j.procs.2017.10.017",
    journal = "Procedia Comput. Sci."
}

@misc{liu2019robertarobustlyoptimizedbert,
    author = "Liu, Yinhan and Ott, Myle and Goyal, Naman and Du, Jingfei and Joshi, Mandar and Chen, Danqi and Levy, Omer and Lewis, Mike and Zettlemoyer, Luke and Stoyanov, Veselin",
    title = "RoBERTa: A Robustly Optimized BERT Pretraining Approach",
    year = "2019",
    eprint = "1907.11692",
    archivePrefix = "arXiv",
    primaryClass = "cs.CL",
    url = "https://arxiv.org/abs/1907.11692",
    doi = "10.48550/arxiv.1907.11692"
}

@article{BiswasAnjanava2024RoSD,
    author = "Biswas, Anjanava and Talukdar, Wrick",
    issn = "2331-8422",
    doi = "10.48550/arXiv.2406.10295",
    year = "2024",
    title = "Robustness of Structured Data Extraction from In-plane Rotated Documents using Multi-Modal Large Language Models (LLM)",
    copyright = "2024. This work is published under http://creativecommons.org/licenses/by-nc-sa/4.0/ (the “License”). Notwithstanding the ProQuest Terms and Conditions, you may use this content in accordance with the terms of the License.",
    language = "eng",
    address = "Ithaca",
    keywords = "Archives ; Deeds ; Diplomatics ; Information retrieval ; Natural Language Processing ; Rotation"
}

@article{ChowdhuryGobindaG.1999Tmfi,
    author = "Chowdhury, Gobinda G.",
    issn = "0024-2594",
    journal = "Library trends",
    pages = "182--208",
    volume = "48",
    publisher = "University of Illinois Library School",
    number = "1",
    year = "1999",
    title = "Template mining for information extraction from digital documents",
    copyright = "Copyright 2004 Elsevier Science B.V., Amsterdam. All rights reserved.",
    language = "eng",
    keywords = "Data mining ; Information retrieval ; Knowledge Discovery ; Knowledge management ; Library science ; Metadata ; Natural Language Processing ; Search engines ; World Wide Web",
    url = "http://hdl.handle.net/2142/8258"
}

@online{tesseract_ocr_user_manual,
    title = "Tesseract User Manual",
    url = "https://tesseract-ocr.github.io/tessdoc/",
    urldate = "2024-10-13",
    type = "Documentation",
    language = "eng"
}

@inproceedings{OlejniczakKrzysztof2023TDFA,
    author = "Olejniczak, Krzysztof and Šulc, Milan",
    issn = "1613-0073",
    volume = "3349",
    booktitle = "CEUR Workshop Proceedings",
    year = "2023",
    title = "Text detection forgot about document OCR",
    copyright = "Copyright 2023 Elsevier B.V., All rights reserved.",
    language = "eng",
    keywords = "Optical character recognition ; Optical character recognition devices",
    doi = "10.48550/arxiv.2210.07903"
}

@article{HartshornAnthony2024TL3H,
    author = "Hartshorn, Anthony and Yang, Aobo and Gregerson, Austen and Roziere, Baptiste and McConnell, Chris and Wong, Corinne and Song, Daniel and Dinan, Emily and Synnaeve, Gabriel and Nail, Graeme and Touvron, Hugo and Evtimov, Ivan and Liu, Jiawen and Park, Jongsoo and Alwala, Kalyan Vasuden and Plawiak, Kate and Stone, Kevin and van der Maaten, Laurens and Tan, Liang and Pavlova, Maya and Kambadur, Melanie and Chatterji, Niladri and Vasic, Petar and Weng, Peter and Bhargava, Prajjwal and Krishnan, Praveen and He, Qing and Srinivasan, Ragavan and Ganapathy, Raj and Raileanu, Roberta and Taylor, Ross and Hosseini, Saghar and Kim, Seohyun Sonia and Zhang, Shun and Whitman, Spencer and Sheasha, Tarek and Xiong, Wenhan and Fu, Wenyin and Zhang, Yuchen and Yan, Zheng and Grattafiori, Aaron and Jain, Abha and Sharma, Ajay and Boesenberg, Alex and Vaughan, Alex and Baevski, Alexei and Sangani, Amit and Leonhardi, Benjamin and Wu, Bo and Hancock, Braden and Chu, Ching-Hsiang and Civin, Damon and Wyatt, Danny and Foss, Didem and Montgomery, Elaine and Kreuk, Felix and Guzmán, Francisco and Swee, Georgia and Damlaj, Ibrahim and Molybog, Igor and Gat, Itai and Kohli, James and Asher, Japhet and Marcus, Jeff and Jin, Jian and Cummings, Joe and Carvill, Jon and Ginsburg, Josh and Wang, Junjie and Huang, Kyle and Silva, Leandro and Zhang, Lei and Yu, Licheng and Mankus, Martynas and Valko, Michal and Patel, Mihir and Samvelyan, Mikayel and Metanat, Mo and Bansal, Munish and White, Natasha and Singhal, Nayan and Egebo, Nick and Cheng, Norman and Ayub, Rafi and Bondu, Sai Jayesh and Verma, Saurabh and Wang, Sinong and Chen, Stephen and Virk, Sunny and Remez, Tal and Albiero, Vítor and Ionescu, Vlad and Poenaru, Vlad and Ivanov, Vladimir and Wu, Xilun and Hu, Ye and Adi, Yossi and Hao, Yuchen and Rosnbrick, Zef and Wen, Zhaoduo",
    year = "2024",
    title = "The Llama 3 Herd of Models",
    copyright = "http://arxiv.org/licenses/nonexclusive-distrib/1.0",
    language = "eng",
    doi = "10.48550/arxiv.2407.21783"
}

@article{OuyangLong2022Tlmt,
    author = "Ouyang, Long and Wu, Jeff and Xu, Jiang and Almeida, Diogo and Wainwright, Carroll L and Mishkin, Pamela and Zhang, Chong and Agarwal, Sandhini and Slama, Katarina and Ray, Alex and Schulman, John and Hilton, Jacob and Kelton, Fraser and Miller, Luke and Simens, Maddie and Askell, Amanda and Welinder, Peter and Christiano, Paul and Leike, Jan and Lowe, Ryan",
    issn = "2331-8422",
    year = "2022",
    title = "Training language models to follow instructions with human feedback",
    copyright = "2022. This work is published under http://arxiv.org/licenses/nonexclusive-distrib/1.0/ (the “License”). Notwithstanding the ProQuest Terms and Conditions, you may use this content in accordance with the terms of the License.",
    language = "eng",
    address = "Ithaca",
    keywords = "Feedback ; Language ; Mathematical models",
    doi = "10.48550/arxiv.2203.02155"
}

@article{NguyenMinh-Tien2021Tiew,
    author = "Nguyen, Minh-Tien and Le, Dung Tien and Le, Linh",
    issn = "0952-1976",
    journal = "Engineering applications of artificial intelligence",
    pages = "104100",
    volume = "97",
    publisher = "Elsevier Ltd",
    year = "2021",
    title = "Transformers-based information extraction with limited data for domain-specific business documents",
    copyright = "2020 Elsevier Ltd",
    language = "eng",
    doi = "10.1016/j.engappai.2020.104100"
}

@inproceedings{WangZilong2023VABf,
    author = "Wang, Zilong and Zhou, Yichao and Wei, Wei and Lee, Chen-Yu and Tata, Sandeep",
    pages = "5184--5193",
    publisher = "ACM",
    booktitle = "Proceedings of the 29th ACM SIGKDD Conference on Knowledge Discovery and Data Mining",
    isbn = "9798400701030",
    year = "2023",
    title = "VRDU: A Benchmark for Visually-rich Document Understanding",
    copyright = "2023 Owner/Author",
    language = "eng",
    address = "New York, NY, USA",
    doi = "10.1145/3580305.3599929"
}

@online{docparser_ruleBasedParsing,
    author = "Docparser",
    title = "What is a parsing rule and how do I create one?",
    year = "2024",
    url = "https://help.docparser.com/hc/en-us/articles/16254858374036-What-is-a-parsing-rule-and-how-do-I-create-one",
    urldate = "2024-10-03",
    organization = "SureSwift Capital, Inc.",
    type = "Documentation",
    language = "eng"
}

@online{docparser_zonalOCR,
    author = "(Docparser), Khalid Maghni",
    title = "What is a parsing rule and how do I create one?",
    year = "2024",
    url = "https://docparser.com/blog/zonal-ocr/",
    urldate = "2024-10-03",
    organization = "SureSwift Capital, Inc.",
    type = "Blog post",
    language = "eng"
}

@inproceedings{CaffagniDavide2024WHRG,
    author = "Caffagni, Davide and Cocchi, Federico and Moratelli, Nicholas and Sarto, Sara and Cornia, Marcella and Baraldi, Lorenzo and Cucchiara, Rita",
    issn = "2160-7516",
    pages = "1818--1826",
    publisher = "IEEE",
    booktitle = "2024 IEEE/CVF Conference on Computer Vision and Pattern Recognition Workshops (CVPRW)",
    isbn = "9798350365474",
    year = "2024",
    title = "Wiki-LLaVA: Hierarchical Retrieval-Augmented Generation for Multimodal LLMs",
    language = "eng",
    keywords = "Computer architecture ; Computer vision ; Congresses and conventions ; Meetings ; Pipelines ; Visualization",
    doi = "10.1109/CVPRW63382.2024.00188"
}

@article{XianYongqin2019ZLCE,
    author = "Xian, Yongqin and Lampert, Christoph H. and Schiele, Bernt and Akata, Zeynep",
    issn = "0162-8828",
    journal = "IEEE transactions on pattern analysis and machine intelligence",
    pages = "2251--2265",
    volume = "41",
    publisher = "IEEE",
    number = "9",
    year = "2019",
    title = "Zero-Shot Learning-A Comprehensive Evaluation of the Good, the Bad and the Ugly",
    copyright = "Copyright The Institute of Electrical and Electronics Engineers, Inc. (IEEE) 2019",
    language = "eng",
    address = "United States",
    keywords = "Bench-marks ; Instructional systems ; Semantics ; Task analysis ; Training ; Visualization",
    doi = "10.1109/TPAMI.2018.2857768"
}

@article{PuriRaul2019ZTCW,
    author = "Puri, Raul and Catanzaro, Bryan",
    year = "2019",
    title = "Zero-shot Text Classification With Generative Language Models",
    copyright = "http://arxiv.org/licenses/nonexclusive-distrib/1.0",
    language = "eng",
    doi = "10.48550/arxiv.1912.10165"
}
